%YAML 1.1
%TAG !u! tag:unity3d.com,2011:
--- !u!1 &5815985746587934410
GameObject:
  m_ObjectHideFlags: 0
  m_CorrespondingSourceObject: {fileID: 0}
  m_PrefabInstance: {fileID: 0}
  m_PrefabAsset: {fileID: 0}
  serializedVersion: 6
  m_Component:
  - component: {fileID: 5815985746587934411}
  - component: {fileID: 5815985746587934412}
  - component: {fileID: 5815985746587934413}
  - component: {fileID: 5815985746587934414}
  - component: {fileID: 5815985746587934448}
  - component: {fileID: 5815985746587934415}
  m_Layer: 0
  m_Name: Timer Manager
  m_TagString: Untagged
  m_Icon: {fileID: 0}
  m_NavMeshLayer: 0
  m_StaticEditorFlags: 0
  m_IsActive: 1
--- !u!4 &5815985746587934411
Transform:
  m_ObjectHideFlags: 0
  m_CorrespondingSourceObject: {fileID: 0}
  m_PrefabInstance: {fileID: 0}
  m_PrefabAsset: {fileID: 0}
  m_GameObject: {fileID: 5815985746587934410}
  m_LocalRotation: {x: 0, y: 0, z: 0, w: 1}
  m_LocalPosition: {x: 0, y: 0, z: 0}
  m_LocalScale: {x: 1, y: 1, z: 1}
  m_Children: []
  m_Father: {fileID: 0}
  m_RootOrder: 0
  m_LocalEulerAnglesHint: {x: 0, y: 0, z: 0}
--- !u!114 &5815985746587934412
MonoBehaviour:
  m_ObjectHideFlags: 0
  m_CorrespondingSourceObject: {fileID: 0}
  m_PrefabInstance: {fileID: 0}
  m_PrefabAsset: {fileID: 0}
  m_GameObject: {fileID: 5815985746587934410}
  m_Enabled: 0
  m_EditorHideFlags: 0
  m_Script: {fileID: 11500000, guid: 474c0497cd10bd84d8d5e05cacf4c9d3, type: 3}
  m_Name: 
  m_EditorClassIdentifier: 
  _gameManager: {fileID: 0}
  _timerDuration: 4500
  _timer: 0
  _activateTimer: 0
--- !u!114 &5815985746587934413
MonoBehaviour:
  m_ObjectHideFlags: 0
  m_CorrespondingSourceObject: {fileID: 0}
  m_PrefabInstance: {fileID: 0}
  m_PrefabAsset: {fileID: 0}
  m_GameObject: {fileID: 5815985746587934410}
  m_Enabled: 0
  m_EditorHideFlags: 0
  m_Script: {fileID: 11500000, guid: c73b04b91333183468d2156778da9729, type: 3}
  m_Name: 
  m_EditorClassIdentifier: 
  _gameEvent: {fileID: 11400000, guid: 9d46d647d67b340479d2416009b91324, type: 2}
  _response:
    m_PersistentCalls:
      m_Calls:
      - m_Target: {fileID: 5815985746587934412}
        m_MethodName: set_enabled
        m_Mode: 6
        m_Arguments:
          m_ObjectArgument: {fileID: 0}
          m_ObjectArgumentAssemblyTypeName: UnityEngine.Object, UnityEngine
          m_IntArgument: 0
          m_FloatArgument: 0
          m_StringArgument: 
          m_BoolArgument: 1
        m_CallState: 2
--- !u!114 &5815985746587934414
MonoBehaviour:
  m_ObjectHideFlags: 0
  m_CorrespondingSourceObject: {fileID: 0}
  m_PrefabInstance: {fileID: 0}
  m_PrefabAsset: {fileID: 0}
  m_GameObject: {fileID: 5815985746587934410}
  m_Enabled: 0
  m_EditorHideFlags: 0
  m_Script: {fileID: 11500000, guid: c73b04b91333183468d2156778da9729, type: 3}
  m_Name: 
  m_EditorClassIdentifier: 
  _gameEvent: {fileID: 11400000, guid: 577ab655d51b58b4b9e0a025eb025140, type: 2}
  _response:
    m_PersistentCalls:
      m_Calls:
      - m_Target: {fileID: 5815985746587934412}
        m_MethodName: set_enabled
        m_Mode: 6
        m_Arguments:
          m_ObjectArgument: {fileID: 0}
          m_ObjectArgumentAssemblyTypeName: UnityEngine.Object, UnityEngine
          m_IntArgument: 0
          m_FloatArgument: 0
          m_StringArgument: 
          m_BoolArgument: 0
        m_CallState: 2
--- !u!114 &5815985746587934448
MonoBehaviour:
  m_ObjectHideFlags: 0
  m_CorrespondingSourceObject: {fileID: 0}
  m_PrefabInstance: {fileID: 0}
  m_PrefabAsset: {fileID: 0}
  m_GameObject: {fileID: 5815985746587934410}
  m_Enabled: 1
  m_EditorHideFlags: 0
  m_Script: {fileID: 11500000, guid: e1492fa4ae99251459c422ef171ae469, type: 3}
  m_Name: 
  m_EditorClassIdentifier: 
  gameEvent: {fileID: 11400000, guid: 1fef144544ad6bd4cbb1632d77796e73, type: 2}
  unityEventResponse:
    m_PersistentCalls:
      m_Calls:
      - m_Target: {fileID: 5815985746587934412}
        m_MethodName: set_enabled
        m_Mode: 6
        m_Arguments:
          m_ObjectArgument: {fileID: 0}
          m_ObjectArgumentAssemblyTypeName: UnityEngine.Object, UnityEngine
          m_IntArgument: 0
          m_FloatArgument: 0
          m_StringArgument: 
          m_BoolArgument: 1
        m_CallState: 2
--- !u!114 &5815985746587934415
MonoBehaviour:
  m_ObjectHideFlags: 0
  m_CorrespondingSourceObject: {fileID: 0}
  m_PrefabInstance: {fileID: 0}
  m_PrefabAsset: {fileID: 0}
  m_GameObject: {fileID: 5815985746587934410}
  m_Enabled: 1
  m_EditorHideFlags: 0
  m_Script: {fileID: 11500000, guid: e1492fa4ae99251459c422ef171ae469, type: 3}
  m_Name: 
  m_EditorClassIdentifier: 
  gameEvent: {fileID: 11400000, guid: eb43bf4e3a442a649baf08de45b0067d, type: 2}
  unityEventResponse:
    m_PersistentCalls:
      m_Calls:
      - m_Target: {fileID: 5815985746587934412}
        m_MethodName: set_enabled
        m_Mode: 6
        m_Arguments:
          m_ObjectArgument: {fileID: 0}
          m_ObjectArgumentAssemblyTypeName: UnityEngine.Object, UnityEngine
          m_IntArgument: 0
          m_FloatArgument: 0
          m_StringArgument: 
          m_BoolArgument: 0
        m_CallState: 2
